@article{andersen2018kinematics,
  title={Kinematics of a UR5},
  author={Andersen, Rasmus Skovgaard},
  journal={Aalborg University},
  year={2018}
}
@article{opencv_library,
    author = {Bradski, G.},
    citeulike-article-id = {2236121},
    journal = {Dr. Dobb's Journal of Software Tools},
    posted-at = {2008-01-15 19:21:54},
    title = {{The OpenCV Library}},
    year = {2000}
}

@misc{iai_kinect2,
  author = {Wiedemeyer, Thiemo},
  title = {{IAI Kinect2}},
  organization = {Institute for Artificial Intelligence},
  address = {University Bremen},
  year = {2014 -- 2015},
  howpublished = {\url{https://github.com/code-iai/iai\_kinect2}},
  note = {Accessed August 22, 2019}
}

@ARTICLE{Zhang,
author={Z. {Zhang}},
journal={IEEE Transactions on Pattern Analysis and Machine Intelligence},
title={A flexible new technique for camera calibration},
year={2000},
volume={22},
number={11},
pages={1330-1334},
doi={10.1109/34.888718},
ISSN={0162-8828},
month={Nov},}

@article{ernst2012non,
  title={Non-orthogonal tool/flange and robot/world calibration},
  author={Ernst, Floris and Richter, Lars and Matth{\"a}us, Lars and Martens, Volker and Bruder, Ralf and Schlaefer, Alexander and Schweikard, Achim},
  journal={The International Journal of Medical Robotics and Computer Assisted Surgery},
  volume={8},
  number={4},
  pages={407--420},
  year={2012},
  publisher={Wiley Online Library}
}
@article{chen1992object,
  title={Object modelling by registration of multiple range images},
  author={Chen, Yang and Medioni, G{\'e}rard},
  journal={Image and vision computing},
  volume={10},
  number={3},
  pages={145--155},
  year={1992},
  publisher={Elsevier}
}
@inproceedings{rusinkiewicz2001efficient,
  title={Efficient variants of the ICP algorithm.},
  author={Rusinkiewicz, Szymon and Levoy, Marc},
  booktitle={3dim},
  volume={1},
  pages={145--152},
  year={2001}
}

@article{TMS_Schlaefer,
author = {Richter, Lars and Trillenberg, Peter and Schweikard, Achim and Schlaefer, Alexander},
year = {2012},
month = {06},
pages = {},
title = {Stimulus Intensity for Hand Held and Robotic Transcranial Magnetic Stimulation},
volume = {6},
journal = {Brain stimulation},
doi = {10.1016/j.brs.2012.06.002}
}

@article{Open3D,
   author  = {Qian-Yi Zhou and Jaesik Park and Vladlen Koltun},
   title   = {{Open3D}: {A} Modern Library for {3D} Data Processing},
   journal = {arXiv:1801.09847},
   year    = {2018},
}
@misc{WinNT,
  title = {{MS Windows NT} Kernel Description},
  howpublished = {\url{http://wiki.ros.org/rc_visard/Tutorials/HandEyeCalibration?action=AttachFile&do=get&target=handeye-calib-sensor-mounting.png}},
  note = {Accessed: 2010-09-14}
}